<?xml version="1.0" encoding="UTF-8"?><collection xmlns="http://www.loc.gov/MARC21/slim"><record><leader>00511nam--2200157-i-4500</leader><controlfield tag="001">000028029</controlfield><controlfield tag="002">20161230</controlfield><controlfield tag="005">20170122234512</controlfield><controlfield tag="008">060222s1000------------r-----000-0-eng-d</controlfield><datafield ind1=" " ind2=" " tag="080"><subfield code="a">542.947:615.9</subfield></datafield><datafield ind1=" " ind2=" " tag="100"><subfield code="a">Lecheand, Jacques</subfield></datafield><datafield ind1=" " ind2=" " tag="245"><subfield code="a">Contribution a l`etude des intoxications par les organo-phosphores. Influence des cations mn2 + mg2 + sur l`activite de la praliodoxime in vivo</subfield></datafield><datafield ind1=" " ind2=" " tag="260"><subfield code="a">Lyon</subfield><subfield code="b">Universite Claude - Bernard</subfield><subfield code="c">1971</subfield></datafield><datafield ind1=" " ind2=" " tag="300"><subfield code="a">131 p</subfield></datafield><datafield ind1=" " ind2=" " tag="852"><subfield code="a">38964</subfield></datafield><datafield ind1=" " ind2=" " tag="CAT"><subfield code="a">SYS</subfield><subfield code="c">20170122</subfield><subfield code="h">234512</subfield></datafield></record></collection>